<record><leader>00000cas a22000007a 4500</leader><controlfield tag="001">16627017</controlfield><controlfield tag="008">870901d18881914iauwr ne      0    0eng d</controlfield><datafield ind1=" " ind2=" " tag="010"><subfield code="a">sn 87057815 </subfield></datafield><datafield ind1=" " ind2=" " tag="040"><subfield code="a">INP</subfield><subfield code="b">eng</subfield><subfield code="c">INP</subfield><subfield code="d">OCLCQ</subfield></datafield><datafield ind1=" " ind2=" " tag="042"><subfield code="a">msc</subfield></datafield><datafield ind1="0" ind2=" " tag="130"><subfield code="a">Reveille (Rolfe, Iowa)</subfield></datafield><datafield ind1="1" ind2="4" tag="245"><subfield code="a">The reveille.</subfield></datafield><datafield ind1="1" ind2="3" tag="246"><subfield code="a">Rolfe reveille</subfield></datafield><datafield ind1=" " ind2=" " tag="260"><subfield code="a">Rolfe, Iowa :</subfield><subfield code="b">Bruce &amp; Plumb,</subfield><subfield code="c">-1914.</subfield></datafield><datafield ind1=" " ind2=" " tag="300"><subfield code="a">v.</subfield></datafield><datafield ind1=" " ind2=" " tag="310"><subfield code="a">Weekly</subfield></datafield><datafield ind1="1" ind2=" " tag="362"><subfield code="a">Began July 12? 1888.</subfield></datafield><datafield ind1="0" ind2=" " tag="362"><subfield code="a">-v. 26, no. 32 (Feb. 5, 1914).</subfield></datafield><datafield ind1=" " ind2=" " tag="500"><subfield code="a">Publisher varies.</subfield></datafield><datafield ind1=" " ind2=" " tag="500"><subfield code="a">Includes separately numbered sections called: The new deal, Aug. 30-Oct. 11, 1888 (in the interests of Gilmore City, Iowa); Havelock enterprise, &lt;Jan. 7, 1892&gt;-Nov. 23, 1893; Plover herald, &lt;Jan. 14, 1892&gt;-June 6, 1895.</subfield></datafield><datafield ind1=" " ind2=" " tag="588"><subfield code="a">Description based on: Vol. 1, no. 2 (July 19, 1888).</subfield></datafield><datafield ind1=" " ind2=" " tag="752"><subfield code="a">United States</subfield><subfield code="b">Iowa</subfield><subfield code="c">Pocahontas</subfield><subfield code="d">Rolfe.</subfield></datafield><datafield ind1=" " ind2=" " tag="752"><subfield code="a">United States</subfield><subfield code="b">Iowa</subfield><subfield code="c">Pocahontas</subfield><subfield code="d">Gilmore City.</subfield></datafield><datafield ind1=" " ind2=" " tag="752"><subfield code="a">United States</subfield><subfield code="b">Iowa</subfield><subfield code="c">Pocahontas</subfield><subfield code="d">Havelock.</subfield></datafield><datafield ind1=" " ind2=" " tag="752"><subfield code="a">United States</subfield><subfield code="b">Iowa</subfield><subfield code="c">Pocahontas</subfield><subfield code="d">Plover.</subfield></datafield><datafield ind1="0" ind2="5" tag="780"><subfield code="t">Gilmore City gazette</subfield><subfield code="w">(DLC)sn 87057345</subfield></datafield><datafield ind1="0" ind2="4" tag="785"><subfield code="t">Arrow (Rolfe, Iowa : 1910)</subfield><subfield code="w">(DLC)sn 87057816</subfield></datafield><datafield ind1="1" ind2=" " tag="787"><subfield code="t">New deal (Gilmore City, Iowa)</subfield></datafield><datafield ind1="1" ind2=" " tag="787"><subfield code="t">Havelock enterprise</subfield></datafield><datafield ind1="1" ind2=" " tag="787"><subfield code="t">Plover herald (Plover, Iowa)</subfield></datafield></record>